<record><leader>00000cas a22000007a 4500</leader><controlfield tag="001">10265489</controlfield><controlfield tag="008">840105d19371939lauwr ne      0   a0eng d</controlfield><datafield ind1=" " ind2=" " tag="010"><subfield code="a">sn 84024007 </subfield></datafield><datafield ind1=" " ind2=" " tag="040"><subfield code="a">NPV</subfield><subfield code="b">eng</subfield><subfield code="c">NPV</subfield><subfield code="d">LNP</subfield><subfield code="d">OCLCQ</subfield><subfield code="d">NDD</subfield></datafield><datafield ind1=" " ind2=" " tag="042"><subfield code="a">msc</subfield></datafield><datafield ind1=" " ind2=" " tag="043"><subfield code="a">n-us-la</subfield></datafield><datafield ind1=" " ind2=" " tag="045"><subfield code="a">x3x3</subfield></datafield><datafield ind1=" " ind2=" " tag="052"><subfield code="a">4013</subfield><subfield code="b">T3</subfield></datafield><datafield ind1="0" ind2=" " tag="130"><subfield code="a">Progress (Hammond, La.)</subfield></datafield><datafield ind1="1" ind2="4" tag="245"><subfield code="a">The Progress.</subfield></datafield><datafield ind1=" " ind2=" " tag="260"><subfield code="a">Hammond, La. :</subfield><subfield code="b">Progress Pub. Co.</subfield></datafield><datafield ind1=" " ind2=" " tag="300"><subfield code="a">2 v. :</subfield><subfield code="b">ill.</subfield></datafield><datafield ind1=" " ind2=" " tag="310"><subfield code="a">Weekly,</subfield><subfield code="b">Sept. 16, 1938-1939</subfield></datafield><datafield ind1=" " ind2=" " tag="321"><subfield code="a">Weekly,</subfield><subfield code="b">June 4, 1937-Aug. 26, 1938</subfield></datafield><datafield ind1=" " ind2=" " tag="321"><subfield code="a">Daily (except Sun.),</subfield><subfield code="b">Aug. 29-Sept. 13, 1938</subfield></datafield><datafield ind1="0" ind2=" " tag="362"><subfield code="a">Vol. 5, no. 322 (June 4, 1937)-v. 7, no. 22 (Sept. 8, 1939).</subfield></datafield><datafield ind1=" " ind2=" " tag="752"><subfield code="a">United States</subfield><subfield code="b">Louisiana</subfield><subfield code="c">Tangipahoa</subfield><subfield code="d">Hammond.</subfield></datafield><datafield ind1="0" ind2="0" tag="780"><subfield code="t">Daily progress (Hammond, La.)</subfield><subfield code="w">(DLC)sn 84024006</subfield><subfield code="w">(OCoLC)10266651</subfield></datafield><datafield ind1="0" ind2="0" tag="785"><subfield code="t">American progress (Hammond, La.)</subfield><subfield code="w">(DLC)sn 84024005</subfield><subfield code="w">(OCoLC)10265500</subfield></datafield></record>